@Article{Milleret2018,
  Title                    = {Using partial aggregation in spatial capture recapture},
  Author                   = {Milleret, C. and Dupont, P. and Broseth, H. and Kindberg, J. and Royle, J.A. and Bischof, R.},
  Journal                  = {Methods in Ecology and Evolution},
  Year                     = {2018},
  Number                   = {8},
  Pages                    = {1896-1907},
  Volume                   = {9},
  Doi                      = {10.1111/2041-210X.13030},
  Eprint                   = {https://besjournals.onlinelibrary.wiley.com/doi/pdf/10.1111/2041-210X.13030},
  File                     = {:SCR\\Milleret et al_2018 Using partial aggregation in spatial capture-recapture.pdf:PDF},
  Keywords                 = {partially aggregated binary model, spatial capture recapture, wolverines},
  Url                      = {https://besjournals.onlinelibrary.wiley.com/doi/abs/10.1111/2041-210X.13030}
}


@Article{Milleret2019,
  Title                    = {A local evaluation of the individual state space to scale up Bayesian spatial capture recapture},
  Author                   = {Milleret, C. and Dupont, P. and Bonenfant, C. and Broseth, H. and Flagstad, O. and Sutherland, C. and Bischof, R.},
  Journal                  = {Ecology and Evolution},
  Year                     = {2019},
  Number                   = {1},
  Pages                    = {352-363},
  Volume                   = {9},
  Doi                      = {10.1002/ece3.4751},
  Eprint                   = {https://onlinelibrary.wiley.com/doi/pdf/10.1002/ece3.4751},
  Url                      = {https://onlinelibrary.wiley.com/doi/abs/10.1002/ece3.4751}
}

@Manual{NIMBLE,
  Title                    = {NIMBLE: MCMC, Particle Filtering, and Programmable Hierarchical Modeling},
  Address                  = {https://cran.r-project.org/package=nimble},
  Author                   = {{NIMBLE Development Team}},
  Organization             = {https://cran.r-project.org/package=nimble},
  Year                     = {2019},

  Doi                      = {http://doi.org/10.5281/zenodo.1211190},
  Url                      = {http://www.R-project.org/}
}

@Article{deValpine2017,
  Title                    = {Programming with models: writing statistical algorithms for general model structures with NIMBLE},
  Author                   = {de Valpine, P. and Turek, D. and Paciorek, C.J. and Anderson-Bergman, C. and Lang, D.T. and Bodik, R.},
  Journal                  = {Journal of Computational and Graphical Statistics},
  Year                     = {2017},
  Number                   = {2},
  Pages                    = {403--413},
  Volume                   = {26},
  Publisher                = {Taylor \& Francis}
}

